@online{Techjury,
 author   = {Teodora Dobrilova},
 title    = {How Much Is the Gaming Industry Worth in 2021? [+25 Powerful Stats]},
 year     = {2021},
 urldate  = {2021-11-28},
 url      = {https://techjury.net/blog/gaming-industry-worth/},
}

@online{Wiki01,
 author   = {Wikipedia},
 title    = {Role-playing video game},
 year     = {2021},
 urldate  = {2021-11-28},
 url      = {https://en.wikipedia.org/wiki/Role-playing_video_game},
}

@online{Wiki02,
 author   = {Wikipedia},
 title    = {Video game},
 year     = {2021},
 urldate  = {2021-11-21},
 url      = {https://en.wikipedia.org/wiki/Video_game},
}

@online{SMT,
 author   = {Wikipedia},
 title    = {Megami Tensei},
 year     = {2021},
 urldate  = {2021-12-22},
 url      = {https://en.wikipedia.org/wiki/Megami_Tensei},
}

@online{Pkmn,
 author   = {Pokémon Company},
 title    = {Pokémon},
 year     = {2021},
 urldate  = {2021-12-22},
 url      = {https://www.pokemon.com/br/},
}

@online{EOW,
 author   = {Etrian Odyssey Wiki},
 title    = {Etrian Odyssey Wiki},
 year     = {2021},
 urldate  = {2021-12-22},
 url      = {https://etrian.fandom.com/wiki/Etrian_Odyssey_Wiki},
}

@book{TheArt,
 author    = {Jesse Schell},
 editor    = {Morgan Kaufmann},
 title     = {The Art of Game Design a Book of Lenses},
 publisher = {AK Peters},
 year      = 2014,
}

@book{TheFun,
 author    = {Raph Koster},
 editor    = {OReilly Media},
 title     = {A Theory of Fun for Game Design},
 publisher = {OReillyMedia},
 year      = 2013,
}

@online{GD:2021,
 author   = {gamedesigning},
 title    = {basic game mechanics},
 year     = {2021},
 urldate  = {2021-11-21},
 url      = {https://www.gamedesigning.org/learn/basic-game-mechanics/},
}

@online{Wiki03,
 author   = {Wikipedia},
 title    = {Game Engine},
 year     = {2021},
 urldate  = {2021-11-10},
 url      = {https://en.wikipedia.org/wiki/Game_engine},
}

@online{GameDev:2021,
 author   = {gamedeveloper},
 title    = {game engines on steam the definitive breakdown},
 year     = {2021},
 urldate  = {2021-12-04},
 url      = {https://www.gamedeveloper.com/business/game-engines-on-steam-the-definitive-breakdown},
}